
@misc{noauthor_was_nodate,
	title = {Was bedeutet „{Qualität}“? {\textbar} {Duden} {\textbar} {Rechtschreibung}},
	shorttitle = {Was bedeutet „{Qualität}“?},
	url = {https://www.duden.de/rechtschreibung/Qualitaet},
	abstract = {Ihr Suchwort 'Qualität': Rechtschreibung, Bedeutung, Definition, Herkunft, Synonyme auf Duden online nachschlagen. Wörterbuch der deutschen Sprache.},
	language = {de},
	urldate = {2022-11-11},
	file = {Snapshot:/home/henry/Zotero/storage/6MXV6EDJ/Qualitaet.html:text/html},
}

@misc{iso_iso_2015,
	title = {{ISO} 9000:2015 {Quality} management systems},
	shorttitle = {{ISO} 9000:2015},
	language = {en},
	publisher = {International Organization of Standardization},
	author = {{ISO}},
	month = sep,
	year = {2015},
}

@misc{iso_iso_2011,
	title = {{ISO} 25010:2011 {Systems} and software engineering},
	shorttitle = {{ISO} 25010:2011},
	language = {en},
	publisher = {International Organization of Standardization},
	author = {{ISO}},
	month = mar,
	year = {2011},
}

@book{hoffmann_software-qualitat_2013,
	address = {Berlin, Heidelberg},
	edition = {2., aktualisierte u. korr. Aufl. 2013},
	series = {{EXamen}.press},
	title = {Software-{Qualität}},
	isbn = {978-3-642-35700-8},
	abstract = {Computerabstürze, Rückrufaktionen, Sicherheitslecks: Das Phänomen Software- Fehler hat sich zum festen Bestandteil unseres täglichen Lebens entwickelt. Mit dem unaufhaltsamen Vordringen der Computertechnik in immer mehr sicherheitskritische Bereiche wird die Software-Qualitätssicherung zu einer stetig wichtiger werdenden Disziplin der Informationstechnik. Aber warum ist die Qualität von Software heute so schlecht? Und viel wichtiger noch: Stehen wir der Misere hilflos gegenüber? Dieses Buch führt umfassend und praxisnah in das Gebiet der Software- Qualitätssicherung ein und gibt eine Antwort auf die oben gestellten Fragen. Zu Beginn werden die typischen Fehlerquellen der Programmentwicklung erörtert und anschließend die verschiedenen Methoden und Techniken behandelt, die uns zur Verbesserung der Qualität zur Verfügung stehen. Behandelt werden die zentralen Themenkomplexe aus den Gebieten der konstruktiven und analytischen Qualitätssicherung, der Software-Infrastruktur und der Managementprozesse. Die 2. Auflage wurde durchgehend aktualisiert und korrigiert},
	language = {ger},
	publisher = {Springer Berlin Heidelberg Imprint Springer Vieweg},
	author = {Hoffmann, Dirk W.},
	year = {2013},
}

@book{sauerwein_kano-modell_2000,
	address = {Wiesbaden},
	series = {Gabler {Edition} {Wissenschaft}},
	title = {Das {Kano}-{Modell} der {Kundenzufriedenheit}: {Reliabilität} und {Validität} einer {Methode} zur {Klassifizierung} von {Produkteigenschaften}},
	isbn = {978-3-8244-7070-9},
	shorttitle = {Das {Kano}-{Modell} der {Kundenzufriedenheit}},
	language = {ger},
	publisher = {Dt. Univ.-Verl},
	author = {Sauerwein, Elmar},
	year = {2000},
	annote = {Zugl.: Innsbruck, Univ., Diss., 1998},
	file = {Table of Contents PDF:/home/henry/Zotero/storage/IYYGBWPS/Sauerwein - 2000 - Das Kano-Modell der Kundenzufriedenheit Reliabili.pdf:application/pdf},
}
